<?xml version="1.0" encoding="UTF-8"?>
<record xmlns="http://www.loc.gov/MARC21/slim">
   <leader>01776cam a22004095  4500</leader>
   <controlfield tag="001">1316088</controlfield>
   <controlfield tag="003">NjP</controlfield>
   <controlfield tag="005">20190705143624.0</controlfield>
   <controlfield tag="008">990721s1931    ua af         000 0 ara d</controlfield>
   <datafield tag="024" ind1="7" ind2=" ">
      <subfield code="a">princeton_aco004160</subfield>
      <subfield code="2">local</subfield>
   </datafield>
   <datafield ind1=" " ind2=" " tag="040">
      <subfield code="a">BNG</subfield>
      <subfield code="c">PUL</subfield>
      <subfield code="d">PUL</subfield>
   </datafield>
   <datafield ind1=" " ind2=" " tag="035">
      <subfield code="a">(NBISU)notisAFQ1518</subfield>
   </datafield>
   <datafield ind1=" " ind2=" " tag="035">
      <subfield code="9">CDV9087TS</subfield>
   </datafield>
   <datafield ind1=" " ind2=" " tag="035">
      <subfield code="a">(NjP)1316088</subfield>
   </datafield>
   <datafield ind1=" " ind2=" " tag="043">
      <subfield code="a">f-ua---</subfield>
   </datafield>
   <datafield ind1=" " ind2=" " tag="049">
      <subfield code="a">PULL</subfield>
   </datafield>
   <datafield ind1=" " ind2=" " tag="035">
      <subfield code="a">(OCoLC)ocm41936306</subfield>
   </datafield>
   <datafield ind1="1" ind2=" " tag="100">
      <subfield code="a">Gouin, Edouard.</subfield>
   </datafield>
   <datafield ind1="1" ind2="2" tag="240">
      <subfield code="a">L'Égypte au XIXe siècle.</subfield>
      <subfield code="l">Arabic</subfield>
   </datafield>
   <datafield ind1="1" ind2="0" tag="245">
      <subfield code="6">880-01</subfield>
      <subfield code="a">Miṣr fī al-qarn al-tāsiʻ ʻashar... /</subfield>
      <subfield code="c">Idwār Jūwān ; naqalahu ilā al-lughah al-ʻArabīyah Muḥammad Masʻūd.</subfield>
   </datafield>
   <datafield ind1=" " ind2=" " tag="250">
      <subfield code="6">880-02</subfield>
      <subfield code="a">al-Ṭabʻah 2.</subfield>
   </datafield>
   <datafield ind1=" " ind2=" " tag="260">
      <subfield code="6">880-03</subfield>
      <subfield code="a">al-Qāhirah :</subfield>
      <subfield code="b">[s.n.],</subfield>
      <subfield code="c">1931.</subfield>
   </datafield>
   <datafield ind1=" " ind2=" " tag="300">
      <subfield code="a">798 p., 15 leaves of plates :</subfield>
      <subfield code="b">ill. (some col.) ;</subfield>
      <subfield code="c">24 cm.</subfield>
   </datafield>
   <datafield ind1=" " ind2=" " tag="500">
      <subfield code="a">Arabic translation of L'Égypte au XIXe siècle.</subfield>
   </datafield>
   <datafield ind1=" " ind2="0" tag="651">
      <subfield code="a">Egypt</subfield>
      <subfield code="x">History</subfield>
      <subfield code="y">19th century.</subfield>
      <subfield code="0">http://id.loc.gov/authorities/subjects/sh85041300</subfield>
   </datafield>
   <datafield ind1="0" ind2="0" tag="600">
      <subfield code="6">880-04</subfield>
      <subfield code="a">Muḥammad ʻAlī Bāshā,</subfield>
      <subfield code="c">Governor of Egypt,</subfield>
      <subfield code="d">1769-1849.</subfield>
      <subfield code="0">http://id.loc.gov/authorities/names/n85342721</subfield>
   </datafield>
   <datafield ind1="0" ind2="0" tag="600">
      <subfield code="6">880-05</subfield>
      <subfield code="a">Ibrāhīm,</subfield>
      <subfield code="c">Pasha,</subfield>
      <subfield code="d">1789-1848.</subfield>
      <subfield code="0">http://id.loc.gov/authorities/names/n83026489</subfield>
   </datafield>
   <datafield ind1="1" ind2=" " tag="700">
      <subfield code="6">880-06</subfield>
      <subfield code="a">Masʻūd, Muḥammad.</subfield>
   </datafield>
   <datafield ind1="1" ind2="0" tag="880">
      <subfield code="6">245-01/r</subfield>
      <subfield code="a">مصر في القرن التاسع عشر... /</subfield>
      <subfield code="c">ادوار جوان ؛ نقله الا اللغة العربية محمد مسعود.</subfield>
   </datafield>
   <datafield ind1=" " ind2=" " tag="880">
      <subfield code="6">250-02/r</subfield>
      <subfield code="a">الطبعة 2.</subfield>
   </datafield>
   <datafield ind1=" " ind2=" " tag="880">
      <subfield code="6">260-03/r</subfield>
      <subfield code="a">القاهرة :</subfield>
      <subfield code="b">[s.n.]،</subfield>
      <subfield code="c">1931.</subfield>
   </datafield>
   <datafield ind1="0" ind2="0" tag="880">
      <subfield code="6">600-04/r</subfield>
      <subfield code="a">محمد علي باشا،</subfield>
      <subfield code="c">Governor of Egypt,</subfield>
      <subfield code="d">1769-1849</subfield>
   </datafield>
   <datafield ind1="0" ind2="0" tag="880">
      <subfield code="6">600-05/r</subfield>
      <subfield code="a">ابراهيم،</subfield>
      <subfield code="c">پش،</subfield>
      <subfield code="d">1789-1848.</subfield>
   </datafield>
   <datafield ind1="1" ind2=" " tag="880">
      <subfield code="6">700-06/r</subfield>
      <subfield code="a">مسعود، محمد.</subfield>
   </datafield>
   <datafield ind1=" " ind2=" " tag="947">
      <subfield code="a">CDV9087</subfield>
   </datafield>
   <datafield ind1=" " ind2=" " tag="911">
      <subfield code="a">20000130</subfield>
   </datafield>
   <datafield ind1=" " ind2=" " tag="994">
      <subfield code="a">C0</subfield>
      <subfield code="b">PUL</subfield>
   </datafield>
   <datafield ind1=" " ind2=" " tag="999">
      <subfield code="a">1316088</subfield>
   </datafield>
   <datafield ind1=" " ind2=" " tag="979">
      <subfield code="a">(OCoLC)ocn177079629</subfield>
   </datafield>
   <datafield ind1="0" ind2="0" tag="852">
      <subfield code="0">1511223</subfield>
      <subfield code="b">rcppa</subfield>
      <subfield code="t">0</subfield>
      <subfield code="h">DT104</subfield>
      <subfield code="i">.G685124 1931</subfield>
      <subfield code="x">tr fr f</subfield>
   </datafield>
   <datafield ind1=" " ind2=" " tag="959">
      <subfield code="a">2000-06-13 00:00:00 -0500</subfield>
   </datafield>
</record>
